=LDR  02358 am a22004093  4500
=001  018536359
=003  Uk
=005  20200417191312.0
=007  cr\mn\024mpada
=008  880823|1798|||||||\\\\|s\\\\\|||\||eng\\
=FMT  \\$a  BK
=019  x\$a1184020051
=040  \\$aUk$cUk
=100  1\$aLa Pérouse, Jean-François de Galaup,$ccomte de,$d1741-1788.
=245  12$aA Voyage round the World: which was performed [sic] in the years 1785, 1786, 1787 and 1788, by M. de La Peyrouse: abridged from the original French journal ... To which are added: A Voyage from Manilla to California, by Don Antonio Maurelle: and an abstract of the voyage and discoveries of the late Captain G. Vancouver. [With plates.]
=264  \1$aEdinburgh :$bT. Brown,$c1798.
=300  \\$axvi, 336 pages ;$c(12º)
=336  \\$atext$2rdacontent
=337  \\$acomputer$2rdamedia
=338  \\$aonline$2rdacarrier
=340  \\$m12mo$2rdabf
=859  \\$aXLD$bGOOGLEBOOKS$bFrance in the Americas Project
=852  4\$cDRT$jDigital Store 1507/1296.(1.)$aBritish Library$bHMNTS
=985  \\$aUpgraded by BSS-generated file for WR1910-0531
=CAT  \\$aBATCH-DCW$b00$c20170927$lBLL01$h0201
=CAT  \\$aR1710-0956$b00$c20171120$lBLL01$h1722
=CAT  \\$a1805-0738$c20190111$lBLL01$h1805
=CAT  \\$a1805-0738$b00$c20190111$lBLL01$h1826
=CAT  \\$aW1910-0531$b00$c20200417$lBLL01$h1913
=CAT  \\$aW2007-1719$c20200806$lBLL01$h1507
=FIN  \\$aY$d20170927
=LKR  \\$aPAR$lBLL01$r776$b001351707$mA Voyage round the World: which was performed [sic] in the years 1785, 1786, 1787 and 1788, by M. de La Peyrouse: abridged from the original French journal ... To which are added: A Voyage from Manilla to California, by Don Antonio Maurelle: and an abstract of the voyage and discoveries of the late Captain G. Vancouver. [With plates.]$nA Voyage round the World: which was performed [sic] in the years 1785, 1786, 1787 and 1788, by M. de La Peyrouse: abridged from the original French journal ... To which are added: A Voyage from Manilla to California, by Don Antonio Maurelle: and an abstract of the voyage and discoveries of the late Captain G. Vancouver. [With plates.]
=DGM  \\$a001351707$bCatBridge variable field
=DRT  \\$aGOOGLEBOOKS
=SRC  \\$aGOOGLEBOOKS$bGoogleBooks_20170926
=OHC  \\$a1
=LAS  \\$aW2007-1719$b00$c20200806$lBLL01$h1507

