=LDR  02173 am a22004333  4500
=001  018726795
=003  Uk
=005  20180204020322.0
=007  cr\mn\024mpada
=008  881115|1756|||||||\\\\|s\\\\||||\||eng\\
=FMT  \\$a  BK
=019  x\$a1221640305
=040  \\$aUk$cUk
=100  0\$aGeorge$bII,$cKing of Great Britain,$d1683-1760.
=240  10$aAppendix
=245  14$aThe Royal Conference, or a Dialogue between ... G***e the IId. of E***d and L**s the XV. of F***e. [With regard to the settlement of the frontier line separating French and English possessions in Canada.] With some notes critical and explanatory.
=264  \1$a[London],$c1756.
=300  \\$c(8º)
=336  \\$atext$2rdacontent
=337  \\$acomputer$2rdamedia
=338  \\$aonline$2rdacarrier
=340  \\$m8vo$2rdabf
=720  \\$aLouis$bXV,$cKing of France,$d1710-1774
=859  \\$aXLD$bGOOGLEBOOKS$bFrance in the Americas Project
=886  2\$2blmarc$a709$b00$aLOUIS XV., King of France$tAppendix$p8132.de.3.(2.)$x2010960157
=852  4\$cDRT$jDigital Store 8132.de.3.(2.)$aBritish Library$bHMNTS
=985  \\$aCorrected by BSS-generated file for WR# 11/011
=985  \\$aCorrected by MS generated file for WR# 1805-0738
=CAT  \\$aBATCH-DCW$b00$c20180204$lBLL01$h0203
=CAT  \\$a1805-0738$c20190111$lBLL01$h1808
=CAT  \\$a1805-0738$b00$c20190111$lBLL01$h1829
=CAT  \\$aW2007-1719$c20200806$lBLL01$h1507
=FIN  \\$aY$d20180204
=LKR  \\$aPAR$lBLL01$r776$b001391615$mThe Royal Conference, or a Dialogue between ... G***e the IId. of E***d and L**s the XV. of F***e. [With regard to the settlement of the frontier line separating French and English possessions in Canada.] With some notes critical and explanatory.$nThe Royal Conference, or a Dialogue between ... G***e the IId. of E***d and L**s the XV. of F***e. [With regard to the settlement of the frontier line separating French and English possessions in Canada.] With some notes critical and explanatory.
=DGM  \\$a001391615$bCatBridge variable field
=DRT  \\$aGOOGLEBOOKS
=SRC  \\$aGOOGLEBOOKS$bGoogleBooks_20180203
=OHC  \\$a1
=LAS  \\$aW2007-1719$b00$c20200806$lBLL01$h1507

