=LDR  03018cam a22005173  4500
=001  018726811
=003  Uk
=005  20220615171600.0
=007  cr\mn\024mpada
=008  881212|1748|||||||\\\\|s\\\\||||\||eng\\
=FMT  \\$a  BK
=019  x\$a1544100043
=040  \\$aUk$cUk
=245  15$a[The Congress of the Beasts ... for negotiating a peace between ... the quadrupedes at war. A farce of two acts [and in prose; a satire on the congress at Aix-la-Chapelle]. Written originally in High Dutch by the Baron Huffumbourghausen, and translated by J. J. H[ei]d[eg]g[e]r.]
=264  \1$aLondon,$c1748.
=300  \\$av, 50 pages ;$c(8º)
=336  \\$atext$2rdacontent
=337  \\$acomputer$2rdamedia
=338  \\$aonline$2rdacarrier
=340  \\$m8vo$2rdabf
=720  \\$aHUFFUMBOURGHAUSEN, Baron, pseud.$emain entry
=787  0\$tThe Congress of the Beasts ... for negotiating a peace between ... the quadrupedes at war. A farce of two acts [and in prose; a satire on the congress at Aix-la-Chapelle]. Written originally in High Dutch by the Baron Huffumbourghausen, and translated by J. J. H[ei]d[eg]g[e]r.$w(Uk)MP1.0001852574$dpp. v. 30. London, 1748. 8º.
=859  \\$aXLD$bGOOGLEBOOKS$bFrance in the Americas Project
=883  0\$aLanguage codes assigned by Bayesian analysis of words present in record$d20200826$qUk$c0.9919
=852  4\$cDRT$jDigital Store 8132.bb.25.$aBritish Library$bHMNTS
=985  \\$aCorrected by BSS-generated file
=985  \\$aCorrected by BSS-generated file for WR# 11/048
=985  \\$aCorrected by BSS-generated file for WR# 11/160
=985  \\$aCorrected by MS generated file for WR# 1805-0738
=985  \\$aDisaggregated record: Type B
=985  \\$aUpgraded by BSS-generated file for WR2009-0365
=985  \\$aCorrected by MS generated file for WR# 2206-0922 (250 field removed)
=CAT  \\$aBATCH-DCW$b00$c20180204$lBLL01$h0203
=CAT  \\$aBATCH-UPD$b00$c20180204$lBLL01$h0203
=CAT  \\$a1805-0738$c20190111$lBLL01$h1808
=CAT  \\$a1805-0738$b00$c20190111$lBLL01$h1829
=CAT  \\$aW2007-1719$c20200806$lBLL01$h1507
=CAT  \\$aW2009-0365$b00$c20200928$lBLL01$h1543
=CAT  \\$aW2206-0922$c20220615$lBLL01$h1716
=FIN  \\$aY$d20180204
=LKR  \\$aPAR$lBLL01$r776$b001757507$m[The Congress of the Beasts ... for negotiating a peace between ... the quadrupedes at war. A farce of two acts [and in prose; a satire on the congress at Aix-la-Chapelle]. Written originally in High Dutch by the Baron Huffumbourghausen, and translated by J. J. H[ei]d[eg]g[e]r.]$n[The Congress of the Beasts ... for negotiating a peace between ... the quadrupedes at war. A farce of two acts [and in prose; a satire on the congress at Aix-la-Chapelle]. Written originally in High Dutch by the Baron Huffumbourghausen, and translated by J. J. H[ei]d[eg]g[e]r.]
=DGM  \\$a001757507$bCatBridge variable field
=DRT  \\$aGOOGLEBOOKS
=SRC  \\$aGOOGLEBOOKS$bGoogleBooks_20180203
=OHC  \\$a1
=LAS  \\$aW2206-0922$b00$c20220615$lBLL01$h1716

