=LDR  02097 am a22004453  4500
=001  018741096
=003  Uk
=005  20200928154354.0
=007  cr\mn\024mpada
=008  880420|1758|||||||\\\\|s\\\\||||\||fre\\
=FMT  \\$a  BK
=019  x\$a075169021X
=040  \\$aUk$cUk
=245  10$aL'Acadiade; ou, Proüesses angloises en Acadie, Canada &c. Poëme comi-héroique, en quatre chants. Par Mr. D*** [i.e. F. A. de Chevrier].
=264  \1$aCassel,$c1758.
=300  \\$a80 pages ;$c(8º)
=336  \\$atext$2rdacontent
=337  \\$acomputer$2rdamedia
=338  \\$aonline$2rdacarrier
=340  \\$m8vo$2rdabf
=500  \\$aWith an additional titlepage, entitled: "Poëmes sur des sujets pris de l'histoire de notre tems. Publiés par Mr. D**. Partie anglo-gallicane," and bearing the imprint: Liège, 1758.
=720  \\$aD***, Mr.$emain entry
=859  \\$aXLD$bGOOGLEBOOKS$bFrance in the Americas Project
=883  0\$aLanguage codes assigned by Bayesian analysis of words present in record$d20200826$qUk$c0.9919
=852  4\$cDRT$jDigital Store 1508/856(4.)$aBritish Library$bHMNTS
=985  \\$aCorrected by BSS-generated file for WR# 11/031
=985  \\$aCorrected by MS generated file for WR# 1805-0738
=985  \\$aUpgraded by BSS-generated file for WR2009-0365
=CAT  \\$aBATCH-DCW$b00$c20180212$lBLL01$h0202
=CAT  \\$a1805-0738$c20190111$lBLL01$h1809
=CAT  \\$a1805-0738$b00$c20190111$lBLL01$h1829
=CAT  \\$aW2007-1719$c20200806$lBLL01$h1507
=CAT  \\$aW2009-0365$b00$c20200928$lBLL01$h1543
=FIN  \\$aY$d20180212
=LKR  \\$aPAR$lBLL01$r776$b000847757$mL'Acadiade; ou, Proüesses angloises en Acadie, Canada &c. Poëme comi-héroique, en quatre chants. Par Mr. D*** [i.e. F. A. de Chevrier].$nL'Acadiade; ou, Proüesses angloises en Acadie, Canada &c. Poëme comi-héroique, en quatre chants. Par Mr. D*** [i.e. F. A. de Chevrier].
=DGM  \\$a000847757$bCatBridge variable field
=DRT  \\$aGOOGLEBOOKS
=SRC  \\$aGOOGLEBOOKS$bGoogleBooks_20180211
=OHC  \\$a1
=LAS  \\$aW2009-0365$b00$c20200928$lBLL01$h1543

