=LDR  03351 am a22005533  4500
=001  018747247
=003  Uk
=005  20200928154400.0
=007  cr\mn\024mpada
=008  000321|1756|||||||\\\\|s\\\\\|||\||fre\\
=FMT  \\$a  BK
=019  x\$a0500550212
=040  \\$aUk$cUk
=100  1\$aC., D. L. G. D.,$cle Sieur, Avocat en Parlement.
=245  10$aLa Conduite des François justifiée, ou Observations sur un écrit anglois intitulé: Conduite des François à l'égard de la Nouvelle-Écosse ... Par le Sieur D. L. G. D. C. Avocat en Parlement [i.e. G. A. F. S. de La Grange de Chessieux. A reply to "The Conduct of the French in regard to Nova Scotia" by Thomas Jefferys].
=264  \1$aUtrecht,$c1756.
=300  \\$aviii, 256 pages ;$c(12º)
=336  \\$atext$2rdacontent
=337  \\$acomputer$2rdamedia
=338  \\$aonline$2rdacarrier
=340  \\$m12mo$2rdabf
=700  1\$aJefferys, Thomas,$d-1771.$tThe conduct of the French with regard to Nova Scotia.
=700  1\$aLA GRANGE DE CHESSIEUX, Gilbert Arnaud François Simon de.
=720  \\$aFRENCH. The conduct of the French with regard to Nova Scotia, etc.
=720  \\$aFRENCHMEN
=787  0\$tMaps and plans.$w(Uk)MP1.0000588342.1$dobl. fol.
=859  \\$aXLD$bGOOGLEBOOKS$bFrance in the Americas Project
=886  2\$2blmarc$a709$b00$aFRENCH$tThe conduct of the French with regard to Nova Scotia, etc.$p8154.a.4.$x1160850054
=886  2\$2blmarc$a709$b00$aFRENCHMEN$p8154.a.4.$x1161550208
=886  2\$2blmarc$a709$b00$aJEFFERYS$hThomas$tThe conduct of the French with regard to Nova Scotia.$p8154.a.4.$x1642350168$x1642350176
=886  2\$2blmarc$a709$b00$aLA GRANGE DE CHESSIEUX$hGilbert Arnaud François Simon de$p8154.a.4.$x1822420245
=883  0\$aLanguage codes assigned by Bayesian analysis of words present in record$d20200826$qUk$c0.9919
=852  4\$cDRT$jDigital Store 8154.a.4.$aBritish Library$bHMNTS
=985  \\$aCorrected by BSS-generated file for WR# 11/048
=985  \\$aCorrected by MS generated file for WR# 1805-0738
=985  \\$aDisaggregated record: Type B
=985  \\$aUpgraded by BSS-generated file for WR2009-0365
=CAT  \\$aBATCH-DCW$b00$c20180216$lBLL01$h0204
=CAT  \\$a1805-0738$c20190111$lBLL01$h1809
=CAT  \\$a1805-0738$b00$c20190111$lBLL01$h1830
=CAT  \\$aW2007-1719$c20200806$lBLL01$h1507
=CAT  \\$aW2009-0365$b00$c20200928$lBLL01$h1544
=FIN  \\$aY$d20180216
=LKR  \\$aPAR$lBLL01$r776$b000559839$mLa Conduite des François justifiée, ou Observations sur un écrit anglois intitulé: Conduite des François à l'égard de la Nouvelle-Écosse ... Par le Sieur D. L. G. D. C. Avocat en Parlement [i.e. G. A. F. S. de La Grange de Chessieux. A reply to "The Conduct of the French in regard to Nova Scotia" by Thomas Jefferys].$nLa Conduite des François justifiée, ou Observations sur un écrit anglois intitulé: Conduite des François à l'égard de la Nouvelle-Écosse ... Par le Sieur D. L. G. D. C. Avocat en Parlement [i.e. G. A. F. S. de La Grange de Chessieux. A reply to "The Conduct of the French in regard to Nova Scotia" by Thomas Jefferys].
=DGM  \\$a000559839$bCatBridge variable field
=DRT  \\$aGOOGLEBOOKS
=SRC  \\$aGOOGLEBOOKS$bGoogleBooks_20180215
=OHC  \\$a1
=LAS  \\$aW2009-0365$b00$c20200928$lBLL01$h1544

