=LDR  02520 am a22004693  4500
=001  018768422
=003  Uk
=005  20200928154422.0
=007  cr\mn\024mpada
=008  880603|1632|||||||\\\\|s\\\\||||\||fre\\
=FMT  \\$a  BK
=019  x\$a0953100022
=040  \\$aUk$cUk
=110  1\$aEngland.
=240  10$aTreaties, etc.. II. Chronological Series. Charles I. [1625-1649.]
=245  10$aTraicté entre le Roy Louis XIII. et Charles Roy de la Grand' Bretagne, pour la restitution de la Nouvelle France, la Cadie, & Canada, & de plusieurs Navires, & Marchandises pris de part & d'autre. À Sainct Germain en Laye, l'an 1632, le 29 Mars.
=264  \1$c[1632?]
=300  \\$c(4º)
=336  \\$atext$2rdacontent
=337  \\$acomputer$2rdamedia
=338  \\$aonline$2rdacarrier
=340  \\$m4to$2rdabf
=710  1\$aFrance.$tActs of Sovereigns and other Supreme Authorities. Louis XIII., King. [1610-1643.]
=859  \\$aXLD$bGOOGLEBOOKS$bFrance in the Americas Project
=886  2\$2blmarc$a709$b00$aFRANCE$tActs of Sovereigns and other Supreme Authorities$tLouis XIII., King. [1610-1643.]$p8175.aaa.23.$x1130490122
=883  0\$aLanguage codes assigned by Bayesian analysis of words present in record$d20200826$qUk$c0.9919
=852  4\$cDRT$jDigital Store 8175.aaa.23.$aBritish Library$bHMNTS
=985  \\$aCorrected by BSS-generated file for WR# 11/216
=985  \\$aCorrected by MS generated file for WR# 1805-0738
=985  \\$aUpgraded by BSS-generated file for WR2009-0365
=CAT  \\$aBATCH-DCW$b00$c20180228$lBLL01$h0202
=CAT  \\$a1805-0738$c20190111$lBLL01$h1811
=CAT  \\$a1805-0738$b00$c20190111$lBLL01$h1831
=CAT  \\$aW2007-1719$c20200806$lBLL01$h1507
=CAT  \\$aW2009-0365$b00$c20200928$lBLL01$h1544
=FIN  \\$aY$d20180228
=LKR  \\$aPAR$lBLL01$r776$b001080237$mTraicté entre le Roy Louis XIII. et Charles Roy de la Grand' Bretagne, pour la restitution de la Nouvelle France, la Cadie, & Canada, & de plusieurs Navires, & Marchandises pris de part & d'autre. À Sainct Germain en Laye, l'an 1632, le 29 Mars.$nTraicté entre le Roy Louis XIII. et Charles Roy de la Grand' Bretagne, pour la restitution de la Nouvelle France, la Cadie, & Canada, & de plusieurs Navires, & Marchandises pris de part & d'autre. À Sainct Germain en Laye, l'an 1632, le 29 Mars.
=DGM  \\$a001080237$bCatBridge variable field
=DRT  \\$aGOOGLEBOOKS
=SRC  \\$aGOOGLEBOOKS$bGoogleBooks_20180227
=OHC  \\$a1
=LAS  \\$aW2009-0365$b00$c20200928$lBLL01$h1544

