=LDR  02010 am a22004213  4500
=001  018844197
=003  Uk
=005  20200928154502.0
=007  cr\mn\024mpada
=008  890503|1784|||||||\\\\|s\\\\\|||\||fre\\
=FMT  \\$a  BK
=019  x\$a2094160238
=040  \\$aUk$cUk
=100  1\$aMANDRILLON, Joseph H.
=245  10$aLe Spectateur Americain, ou remarques générales sur l'Amérique Septentrionale et sur la republique des treize-états-unis. Suivi de recherches philosophiques sur la découverte du nouveau-monde.
=264  \1$aAmsterdam,$c1784.
=300  \\$a3 parts ;$c(8º)
=336  \\$atext$2rdacontent
=337  \\$acomputer$2rdamedia
=338  \\$aonline$2rdacarrier
=340  \\$m8vo$2rdabf
=859  \\$aXLD$bGOOGLEBOOKS$bFrance in the Americas Project
=883  0\$aLanguage codes assigned by Bayesian analysis of words present in record$d20200826$qUk$c0.9919
=852  4\$cDRT$jDigital Store 1431.h.18.$aBritish Library$bHMNTS
=985  \\$aCorrected by MS generated file for WR# 1805-0738
=985  \\$aUpgraded by BSS-generated file for WR2009-0365
=CAT  \\$aBATCH-DCW$b00$c20180424$lBLL01$h0204
=CAT  \\$a1805-0738$c20190111$lBLL01$h1813
=CAT  \\$a1805-0738$b00$c20190111$lBLL01$h1833
=CAT  \\$aW2007-1719$c20200806$lBLL01$h1507
=CAT  \\$aW2009-0365$b00$c20200928$lBLL01$h1545
=FIN  \\$aY$d20180424
=LKR  \\$aPAR$lBLL01$r776$b002363880$mLe Spectateur Americain, ou remarques générales sur l'Amérique Septentrionale et sur la republique des treize-états-unis. Suivi de recherches philosophiques sur la découverte du nouveau-monde.$nLe Spectateur Americain, ou remarques générales sur l'Amérique Septentrionale et sur la republique des treize-états-unis. Suivi de recherches philosophiques sur la découverte du nouveau-monde.
=DGM  \\$a002363880$bCatBridge variable field
=DRT  \\$aGOOGLEBOOKS
=SRC  \\$aGOOGLEBOOKS$bGoogleBooks_20180423
=OHC  \\$a1
=LAS  \\$aW2009-0365$b00$c20200928$lBLL01$h1545

