=LDR  01644 am a22003973  4500
=001  018858285
=003  Uk
=005  20180505020308.0
=007  cr\mn\024mpada
=008  890228|1748|||||||\\\\|s\\\\\|||\||eng\\
=FMT  \\$a  BK
=019  x\$a193455006X
=040  \\$aUk$cUk
=100  1\$aLittle, Otis.
=245  14$aThe State of Trade in the Northern Colonies considered; with an account of their produce and a particular description of Nova Scotia.
=264  \1$aLondon :$bG. Woodfall,$c1748.
=300  \\$a84 pages ;$c(8º)
=336  \\$atext$2rdacontent
=337  \\$acomputer$2rdamedia
=338  \\$aonline$2rdacarrier
=340  \\$m8vo$2rdabf
=859  \\$aXLD$bGOOGLEBOOKS$bFrance in the Americas Project
=852  4\$cDRT$jDigital Store 8244.b.18.$aBritish Library$bHMNTS
=985  \\$aCorrected by BSS-generated file for WR# 11/211
=985  \\$aCorrected by MS generated file for WR# 1805-0738
=CAT  \\$aBATCH-DCW$b00$c20180505$lBLL01$h0203
=CAT  \\$a1805-0738$c20190111$lBLL01$h1814
=CAT  \\$a1805-0738$b00$c20190111$lBLL01$h1833
=CAT  \\$aW2007-1719$c20200806$lBLL01$h1507
=FIN  \\$aY$d20180505
=LKR  \\$aPAR$lBLL01$r776$b002184796$mThe State of Trade in the Northern Colonies considered; with an account of their produce and a particular description of Nova Scotia.$nThe State of Trade in the Northern Colonies considered; with an account of their produce and a particular description of Nova Scotia.
=DGM  \\$a002184796$bCatBridge variable field
=DRT  \\$aGOOGLEBOOKS
=SRC  \\$aGOOGLEBOOKS$bGoogleBooks_20180504
=OHC  \\$a1
=LAS  \\$aW2007-1719$b00$c20200806$lBLL01$h1507

