=LDR  01734 am a22004453  4500
=001  018995923
=003  Uk
=005  20200928154551.0
=007  cr\mn\024mpada
=008  890210|1835|||||||\\\\|s\\\\\|||\||fre\\
=FMT  \\$a  BK
=019  x\$a181325012X
=040  \\$aUk$cUk
=100  1\$aBeaumont, Gustave de,$d1802-1866.
=245  10$aMarie, ou l'Esclavage aux États-Unis, tableau de mœurs Américaines.
=264  \1$aBruxelles,$c1835.
=300  \\$a2 tom ;$c(12º)
=336  \\$atext$2rdacontent
=337  \\$acomputer$2rdamedia
=338  \\$aonline$2rdacarrier
=340  \\$m12mo$2rdabf
=859  \\$aXLD$bGOOGLEBOOKS$bFrance in the Americas Project
=883  0\$aLanguage codes assigned by Bayesian analysis of words present in record$d20200826$qUk$c0.9919
=852  4\$cDRT$jDigital Store 1458.b.1.$aBritish Library$bHMNTS
=985  \\$aCorrected by MS generated file for WR# 1805-0738
=985  \\$aUpgraded by BSS-generated file for WR2009-0365
=CAT  \\$aBATCH-DCW$b00$c20180801$lBLL01$h0810
=CAT  \\$aBATCH-DCW$b00$c20180802$lBLL01$h0208
=CAT  \\$a1805-0738$c20190111$lBLL01$h1816
=CAT  \\$a1805-0738$b00$c20190111$lBLL01$h1834
=CAT  \\$aW2007-1719$c20200806$lBLL01$h1507
=CAT  \\$aW2009-0365$b00$c20200928$lBLL01$h1545
=FIN  \\$aY$d20180801
=LKR  \\$aPAR$lBLL01$r776$b002043709$mMarie, ou l'Esclavage aux États-Unis, tableau de mœurs Américaines.$nMarie, ou l'Esclavage aux États-Unis, tableau de mœurs Américaines.
=DGM  \\$a002043709$bCatBridge variable field
=DRT  \\$aGOOGLEBOOKS
=SRC  \\$aGOOGLEBOOKS$bGoogleBooks_20180731
=SRC  \\$aGOOGLEBOOKS$bGoogleBooks_20180801
=OHC  \\$a1
=LAS  \\$aW2009-0365$b00$c20200928$lBLL01$h1545

