=LDR  01672cam a22004333  4500
=001  018995949
=003  Uk
=005  20220225185215.0
=007  cr\mn\024mpada
=008  890228|1703||||ne\\\\\|s\\\\\|||\||fre\\
=FMT  \\$a  BK
=019  x\$a196431030X
=040  \\$aUk$cUk
=100  1\$aLOM D'ARCE, Louis Armand de,$cBaron de Lahontan.
=245  10$aPetit Dictionaire de la langue des sauvages.
=264  \1$a[The Hague],$c[1703]
=300  \\$c(12º)
=336  \\$atext$2rdacontent
=337  \\$acomputer$2rdamedia
=338  \\$aonline$2rdacarrier
=340  \\$m12mo$2rdabf
=500  \\$aA fragment consisting of pp. 195-220 of vol. 2 of the so-called "Ornament" issue of the Voyages.
=859  \\$aXLD$bGOOGLEBOOKS$bFrance in the Americas Project
=883  0\$aLanguage codes assigned by Bayesian analysis of words present in record$d20201028$qUk$c0.9010
=852  4\$cDRT$jDigital Store 621.a.32.$aBritish Library$bHMNTS
=985  \\$aCorrected by MS generated file for WR# 11/211
=985  \\$aCorrected by MS generated file for WR# 1805-0738
=CAT  \\$aBATCH-DCW$b00$c20180801$lBLL01$h0810
=CAT  \\$a1805-0738$c20190111$lBLL01$h1816
=CAT  \\$a1805-0738$b00$c20190111$lBLL01$h1834
=CAT  \\$aW2007-1719$c20200806$lBLL01$h1507
=CAT  \\$aW2201-1476$b00$c20220225$lBLL01$h1852
=FIN  \\$aY$d20180801
=LKR  \\$aPAR$lBLL01$r776$b002215558$mPetit Dictionaire de la langue des sauvages.$nPetit Dictionaire de la langue des sauvages.
=DGM  \\$a002215558$bCatBridge variable field
=DRT  \\$aGOOGLEBOOKS
=SRC  \\$aGOOGLEBOOKS$bGoogleBooks_20180731
=OHC  \\$a1
=LAS  \\$aW2201-1476$b00$c20220225$lBLL01$h1852

