=LDR  01951 am a22004453  4500
=001  019005573
=003  Uk
=005  20190614191657.0
=007  cr\mn\024mpada
=008  880616|1838|||||||\\\\|s\\\\\|||\||fre\\
=FMT  \\$a  BK
=019  x\$a0893700207
=040  \\$aUk$cUk
=100  1\$aDu Ponceau, Peter Stephen,$d1760-1844.
=245  10$aMémoire sur le système grammatical des langues de quelques nations Indiennes de l'Amérique du Nord. [Edited by J. B. B. Eyriès.]
=264  \1$aParis,$c1838.
=300  \\$c(8º)
=336  \\$atext$2rdacontent
=337  \\$acomputer$2rdamedia
=338  \\$aonline$2rdacarrier
=340  \\$m8vo$2rdabf
=700  1\$aEYRIÈS, Jean Baptiste Benoît.
=859  \\$aXLD$bGOOGLEBOOKS$bFrance in the Americas Project
=886  2\$2blmarc$a709$b00$aEYRIÈS$hJean Baptiste Benoît$p621.e.33.$x1043740317
=883  0\$aLanguage codes assigned by Bayesian analysis of words present in record$d20181024$qUk$c0.997
=852  4\$cDRT$jDigital Store 621.e.33.$aBritish Library$bHMNTS
=985  \\$aCorrected by BSS-generated file for WR# 10/107
=985  \\$aCorrected by MS generated file for WR# 1805-0738
=CAT  \\$aBATCH-DCW$b00$c20180807$lBLL01$h0202
=CAT  \\$a1805-0738$c20190118$lBLL01$h1754
=CAT  \\$a1805-0738$b00$c20190118$lBLL01$h1756
=CAT  \\$aW1903-1550$b00$c20190614$lBLL01$h1916
=CAT  \\$aW2007-1719$c20200806$lBLL01$h1507
=FIN  \\$aY$d20180807
=LKR  \\$aPAR$lBLL01$r776$b001011102$mMémoire sur le système grammatical des langues de quelques nations Indiennes de l'Amérique du Nord. [Edited by J. B. B. Eyriès.]$nMémoire sur le système grammatical des langues de quelques nations Indiennes de l'Amérique du Nord. [Edited by J. B. B. Eyriès.]
=DGM  \\$a001011102$bCatBridge variable field
=DRT  \\$aGOOGLEBOOKS
=SRC  \\$aGOOGLEBOOKS$bGoogleBooks_20180806
=OHC  \\$a1
=LAS  \\$aW2007-1719$b00$c20200806$lBLL01$h1507

