=LDR  02651 am a22005053  4500
=001  017680906
=003  Uk
=005  20200928153557.0
=007  cr\mn\024mpada
=008  880406|1742|||||||\\\\|s\\\\\|||\||fre\\
=FMT  \\$a  BK
=019  x\$a0723640238
=040  \\$aUk$cUk
=100  10$aCrespel, Emmanuel.
=245  10$aVoiages du R. P. Emmanuel Crespel, dans le Canada et son naufrage en revenant en France. Mis au jour par le Sr. Louis Crespel, son frère.
=264  \1$aFrancfort sur le Meyn,$c1742.
=300  \\$a158 pages ;$c(8º)
=336  \\$atext$2rdacontent
=337  \\$acomputer$2rdamedia
=338  \\$aonline$2rdacarrier
=340  \\$m8vo$2rdabf
=700  1\$aCrespel, Louis.
=775  0\$t[Voiages du R. P. Emmanuel Crespel, dans le Canada et son naufrage en revenant en France. Mis au jour par le Sr. Louis Crespel, son frère.]$w(Uk)MP1.0000864277.1$dpp. vii. 135. xl. Québec, 1884. 8º.
=859  \\$aXLD$bGOOGLEBOOKS$bFrance in the Americas Project
=886  2\$2blmarc$a709$b00$aCRESPEL$hLouis$p10470.f.14.$x0723640270$p980.b.32.$x0723640270
=883  0\$aLanguage codes assigned by Bayesian analysis of words present in record$d20200826$qUk$c0.9919
=852  4\$cDRT$jDigital Store 980.b.32.$aBritish Library$bHMNTS
=985  \\$aCorrected by MS generated file for WR# 1805-0738
=985  \\$aDisaggregated record: Type B
=985  \\$aUpgraded by BSS-generated file for WR2009-0365
=CAT  \\$aBATCH-DCW$b00$c20151226$lBLL01$h0202
=CAT  \\$aBATCH-UPD$b00$c20151226$lBLL01$h0203
=CAT  \\$aR1710-0956$b00$c20171026$lBLL01$h1829
=CAT  \\$a1805-0738$c20190104$lBLL01$h1823
=CAT  \\$a1805-0738$b00$c20190104$lBLL01$h1903
=CAT  \\$aW2007-1719$c20200806$lBLL01$h1507
=CAT  \\$aW2009-0365$b00$c20200928$lBLL01$h1535
=FIN  \\$aY$d20151226
=LKR  \\$aPAR$b000817401$r775$mVoiages du R. P. Emmanuel Crespel, dans le Canada et son naufrage en revenant en France. Mis au jour par le Sr. Louis Crespel, son frère.$n[Voiages du R. P. Emmanuel Crespel, dans le Canada et son naufrage en revenant en France. Mis au jour par le Sr. Louis Crespel, son frère.]
=LKR  \\$aPAR$lBLL01$r776$b000817400$mVoiages du R. P. Emmanuel Crespel, dans le Canada et son naufrage en revenant en France. Mis au jour par le Sr. Louis Crespel, son frère.$nVoiages du R. P. Emmanuel Crespel, dans le Canada et son naufrage en revenant en France. Mis au jour par le Sr. Louis Crespel, son frère.
=DGM  \\$a000817400$bCatBridge variable field
=DRT  \\$aGOOGLEBOOKS
=SRC  \\$aGOOGLEBOOKS$bGoogleBooks_20151225
=OHC  \\$a1
=LAS  \\$aW2009-0365$b00$c20200928$lBLL01$h1535

