=LDR  08801 am a22005173  4500
=001  017685889
=003  Uk
=005  20200417190303.0
=007  cr\mn\024mpada
=008  900130|1784||||enk\\\\|s\\\\\|||\||fre\\
=FMT  \\$a  BK
=019  x\$a2764370016
=040  \\$aUk$cUk
=041  1\$afre$heng
=100  1\$aRIQUETTI, Honoré Gabriel,$cCount de Mirabeau.
=240  10$aMiscellaneous Works
=245  10$aConsidérations sur l'Ordre de Cincinnatus, ou imitation d'un pamphlet anglo-américain. ... Suivies de plusieurs pièces relatives à cette institution; d'une lettre signée du Général Washington, accompagnée de remarques par l'auteur français; d'une lettre de feu M. Turgot ... au Docteur Price, sur les législations Américaines; et de la traduction d'un pamphlet du Docteur Price, intitulé: "Observations on the importance of the American Revolution and the means of making it a benefit to the world"; accompagnée de réflexions et de notes du traducteur.
=264  \1$aLondres :$bJ. Johnson,$c1784.
=300  \\$axii. 385 pages ;$c(8º)
=336  \\$atext$2rdacontent
=337  \\$acomputer$2rdamedia
=338  \\$aonline$2rdacarrier
=340  \\$m8vo$2rdabf
=775  0\$t[Considérations sur l'Ordre de Cincinnatus, ou imitation d'un pamphlet anglo-américain. ... Suivies de plusieurs pièces relatives à cette institution; d'une lettre signée du Général Washington, accompagnée de remarques par l'auteur français; d'une lettre de feu M. Turgot ... au Docteur Price, sur les législations Américaines; et de la traduction d'un pamphlet du Docteur Price, intitulé: "Observations on the importance of the American Revolution and the means of making it a benefit to the world"; accompagnée de réflexions et de notes du traducteur.]$w(Uk)MP1.0003315436.3$dLondres, 1788. 8º.
=775  0\$t[Considérations sur l'Ordre de Cincinnatus, ou imitation d'un pamphlet anglo-américain. ... Suivies de plusieurs pièces relatives à cette institution; d'une lettre signée du Général Washington, accompagnée de remarques par l'auteur français; d'une lettre de feu M. Turgot ... au Docteur Price, sur les législations Américaines; et de la traduction d'un pamphlet du Docteur Price, intitulé: "Observations on the importance of the American Revolution and the means of making it a benefit to the world"; accompagnée de réflexions et de notes du traducteur.]$w(Uk)MP1.0003315436.2$dpp. viii. 385. J. Johnson: Londres, 1785. 8º.
=775  0\$t[Considérations sur l'Ordre de Cincinnatus, ou imitation d'un pamphlet anglo-américain. ... Suivies de plusieurs pièces relatives à cette institution; d'une lettre signée du Général Washington, accompagnée de remarques par l'auteur français; d'une lettre de feu M. Turgot ... au Docteur Price, sur les législations Américaines; et de la traduction d'un pamphlet du Docteur Price, intitulé: "Observations on the importance of the American Revolution and the means of making it a benefit to the world"; accompagnée de réflexions et de notes du traducteur.]$w(Uk)MP1.0003315436.1$dpp. xii. 203. Londres, 1784. 8º.
=859  \\$aXLD$bGOOGLEBOOKS$bFrance in the Americas Project
=852  4\$cDRT$jDigital Store 989.b.2.$aBritish Library$bHMNTS
=985  \\$aUpgraded by BSS-generated file for WR1910-0531
=CAT  \\$aBATCH-DCW$b00$c20160101$lBLL01$h0201
=CAT  \\$aBATCH-UPD$b00$c20160101$lBLL01$h0203
=CAT  \\$aR1710-0956$b00$c20171026$lBLL01$h1830
=CAT  \\$a1805-0738$c20190104$lBLL01$h1824
=CAT  \\$a1805-0738$b00$c20190104$lBLL01$h1903
=CAT  \\$aW1910-0531$b00$c20200417$lBLL01$h1903
=CAT  \\$aW2007-1719$c20200806$lBLL01$h1507
=FIN  \\$aY$d20160101
=LKR  \\$aPAR$b003108711$r775$mConsidérations sur l'Ordre de Cincinnatus, ou imitation d'un pamphlet anglo-américain. ... Suivies de plusieurs pièces relatives à cette institution; d'une lettre signée du Général Washington, accompagnée de remarques par l'auteur français; d'une lettre de feu M. Turgot ... au Docteur Price, sur les législations Américaines; et de la traduction d'un pamphlet du Docteur Price, intitulé: "Observations on the importance of the American Revolution and the means of making it a benefit to the world"; accompagnée de réflexions et de notes du traducteur.$n[Considérations sur l'Ordre de Cincinnatus, ou imitation d'un pamphlet anglo-américain. ... Suivies de plusieurs pièces relatives à cette institution; d'une lettre signée du Général Washington, accompagnée de remarques par l'auteur français; d'une lettre de feu M. Turgot ... au Docteur Price, sur les législations Américaines; et de la traduction d'un pamphlet du Docteur Price, intitulé: "Observations on the importance of the American Revolution and the means of making it a benefit to the world"; accompagnée de réflexions et de notes du traducteur.]
=LKR  \\$aPAR$b003108712$r775$mConsidérations sur l'Ordre de Cincinnatus, ou imitation d'un pamphlet anglo-américain. ... Suivies de plusieurs pièces relatives à cette institution; d'une lettre signée du Général Washington, accompagnée de remarques par l'auteur français; d'une lettre de feu M. Turgot ... au Docteur Price, sur les législations Américaines; et de la traduction d'un pamphlet du Docteur Price, intitulé: "Observations on the importance of the American Revolution and the means of making it a benefit to the world"; accompagnée de réflexions et de notes du traducteur.$n[Considérations sur l'Ordre de Cincinnatus, ou imitation d'un pamphlet anglo-américain. ... Suivies de plusieurs pièces relatives à cette institution; d'une lettre signée du Général Washington, accompagnée de remarques par l'auteur français; d'une lettre de feu M. Turgot ... au Docteur Price, sur les législations Américaines; et de la traduction d'un pamphlet du Docteur Price, intitulé: "Observations on the importance of the American Revolution and the means of making it a benefit to the world"; accompagnée de réflexions et de notes du traducteur.]
=LKR  \\$aPAR$b003108713$r775$mConsidérations sur l'Ordre de Cincinnatus, ou imitation d'un pamphlet anglo-américain. ... Suivies de plusieurs pièces relatives à cette institution; d'une lettre signée du Général Washington, accompagnée de remarques par l'auteur français; d'une lettre de feu M. Turgot ... au Docteur Price, sur les législations Américaines; et de la traduction d'un pamphlet du Docteur Price, intitulé: "Observations on the importance of the American Revolution and the means of making it a benefit to the world"; accompagnée de réflexions et de notes du traducteur.$n[Considérations sur l'Ordre de Cincinnatus, ou imitation d'un pamphlet anglo-américain. ... Suivies de plusieurs pièces relatives à cette institution; d'une lettre signée du Général Washington, accompagnée de remarques par l'auteur français; d'une lettre de feu M. Turgot ... au Docteur Price, sur les législations Américaines; et de la traduction d'un pamphlet du Docteur Price, intitulé: "Observations on the importance of the American Revolution and the means of making it a benefit to the world"; accompagnée de réflexions et de notes du traducteur.]
=LKR  \\$aPAR$lBLL01$r776$b003108710$mConsidérations sur l'Ordre de Cincinnatus, ou imitation d'un pamphlet anglo-américain. ... Suivies de plusieurs pièces relatives à cette institution; d'une lettre signée du Général Washington, accompagnée de remarques par l'auteur français; d'une lettre de feu M. Turgot ... au Docteur Price, sur les législations Américaines; et de la traduction d'un pamphlet du Docteur Price, intitulé: "Observations on the importance of the American Revolution and the means of making it a benefit to the world"; accompagnée de réflexions et de notes du traducteur.$nConsidérations sur l'Ordre de Cincinnatus, ou imitation d'un pamphlet anglo-américain. ... Suivies de plusieurs pièces relatives à cette institution; d'une lettre signée du Général Washington, accompagnée de remarques par l'auteur français; d'une lettre de feu M. Turgot ... au Docteur Price, sur les législations Américaines; et de la traduction d'un pamphlet du Docteur Price, intitulé: "Observations on the importance of the American Revolution and the means of making it a benefit to the world"; accompagnée de réflexions et de notes du traducteur.
=DGM  \\$a003108710$bCatBridge variable field
=DRT  \\$aGOOGLEBOOKS
=SRC  \\$aGOOGLEBOOKS$bGoogleBooks_20151231
=OHC  \\$a1
=LAS  \\$aW2007-1719$b00$c20200806$lBLL01$h1507

