=LDR  01802 am a22004213  4500
=001  018389555
=003  Uk
=005  20170623020145.0
=007  cr\mn\024mpada
=008  860902s1732\\\\fr\\\\\|s\\\\\|||\1|fre\\
=FMT  \\$a  BK
=019  x\$a3792146878
=040  \\$aUk$cUk
=100  1\$aLe Sage, Alain René,$d1668-1747.
=240  10$aRobert Chevalier
=245  14$aLes avantures de Monsieur Robert Chevalier, dit de Beauchêne, capitaine de flibustiers dans la nouvelle France. Rédigées par M. Le Sage.
=264  \1$aA Paris :$bchez Étienne Ganeau,$c1732.
=300  \\$a2 volumes :$billustrations ;$c17 cm (12º)
=336  \\$atext$2rdacontent
=337  \\$acomputer$2rdamedia
=338  \\$aonline$2rdacarrier
=340  \\$m12mo$2rdabf
=859  \\$aXLD$bGOOGLEBOOKS$bFrance in the Americas Project
=852  4\$cDRT$jDigital Store RB.23.a.348$aBritish Library$bHMNTS
=985  \\$aCorrected by BSS-generated file
=985  \\$aCorrected by MS generated file for WR# 1805-0738
=CAT  \\$aBATCH-DCW$b00$c20170623$lBLL01$h0201
=CAT  \\$aR1710-0956$b00$c20171120$lBLL01$h1719
=CAT  \\$a1805-0738$c20190111$lBLL01$h1801
=CAT  \\$a1805-0738$b00$c20190111$lBLL01$h1824
=CAT  \\$aW2007-1719$c20200806$lBLL01$h1507
=FIN  \\$aY$d20170623
=LKR  \\$aPAR$lBLL01$r776$b004105892$mLes avantures de Monsieur Robert Chevalier, dit de Beauchêne, capitaine de flibustiers dans la nouvelle France. Rédigées par M. Le Sage.$nLes avantures de Monsieur Robert Chevalier, dit de Beauchêne, capitaine de flibustiers dans la nouvelle France. Rédigées par M. Le Sage.
=DGM  \\$a004105892$bCatBridge variable field
=DRT  \\$aGOOGLEBOOKS
=SRC  \\$aGOOGLEBOOKS$bGoogleBooks_20170622
=OHC  \\$a1
=LAS  \\$aW2007-1719$b00$c20200806$lBLL01$h1507

